1896 3177
171 195 221 226 10
614 179 963 223 HISPERICA
1008 177 1268 220 FAMINA

166 306 214 341 ut
245 298 598 340 flammiuomum
633 312 641 338 :
674 295 927 350 †eructauit
957 295 1130 348 (-uerit)
1162 292 1432 334 incendium·

167 368 403 411 Caloreum
437 384 445 409 :
477 366 702 409 librauerit
734 372 922 406 tactum·

65 446 149 489 270
168 437 385 492 Algidum
418 452 426 477 ι
459 435 619 477 eruerit
651 434 816 475 focum·

169 507 280 563 Quis
311 506 423 548 tales
455 522 463 546 :
495 511 648 559 poscet
679 517 882 558 possores
912 504 1207 557 (possessores
1224 502 1276 554 ?)·

169 584 216 619 ut
248 575 579 618 melchilentum
615 591 623 616 :
656 574 953 615 concesserint
984 572 1265 627 opiminium·

168 645 307 699 †Non
341 645 484 698 (nam)
516 644 726 685 ausonica
761 659 769 684 ε
805 657 876 684 me
908 641 1101 695 subligat
1132 648 1306 682 catena·

170 715 244 758 Ob
274 715 357 755 hoc
390 713 686 767 scottigenum
723 727 731 754 ι
763 712 882 753 haud
915 711 1168 764 cripitundo
1200 708 1442 763 eulogium·

68 792 146 835 275
171 784 260 827 Sed
293 782 553 825 furibundos
585 797 595 823 ι
628 781 852 836 perculam
885 781 1022 821 amite
1053 778 1269 820 amiclios·

173 853 363 896 Uenusti
396 868 404 894 :
436 858 654 893 excusant
685 849 836 900 accule

171 936 326 977 parcas
361 938 369 963 :
403 921 611 975 amplecti
644 920 726 961 sub
758 919 938 959 numine
970 918 1217 958 alimonias·

175 993 273 1043 Hec
305 1004 515 1033 concessa
545 990 686 1031 acutis
718 1003 726 1029 :
759 987 914 1028 findite
945 986 1092 1027 edulia
1123 986 1290 1027 framis·

173 1063 244 1104 Ac
275 1062 481 1103 arboreas
513 1059 695 1111 escifero
729 1075 736 1099 :
768 1057 982 1098 *onerate
1015 1069 1191 1097 mensas
1222 1067 1399 1096 aceruo·
1559 1051 1721 1108 [f01.6b

71 1131 155 1171 280
175 1132 448 1174 Doctoreum
481 1129 707 1184 quaternis
743 1145 750 1169 :
783 1133 1014 1181 segregate
1045 1127 1227 1167 chorum
1262 1125 1451 1166 rithmis'

174 1201 400 1255 Aquatico
438 1217 445 1242 :
476 1200 624 1240 lauate
656 1199 831 1239 idumas
864 1197 997 1238 nitro·

176 1271 242 1314 Ut
273 1271 364 1322 lote
395 1286 403 1311 :
436 1270 718 1311 innotescant
749 1268 877 1318 cube·

175 1340 355 1394 Ageum
378 1338 582 1390 esciferas
605 1352 613 1378 ε
637 1337 819 1378 roboate
841 1334 1136 1388 †contentum
1159 1333 1464 1387 (concentum)
1487 1333 1530 1374 in
1554 1331 1725 1386 copias·

178 1410 244 1452 Ut
275 1409 496 1451 salubrem
529 1423 538 1448 ι
571 1406 873 1461 propinauerit
906 1406 949 1446 in
983 1404 1222 1458 precordiis
1254 1415 1435 1444 suxum·

75 1478 152 1528 285
178 1479 360 1521 Arunca
395 1494 403 1519 :
434 1476 731 1531 flammigenis
763 1475 956 1516 crinibus
988 1473 1203 1515 calificate
1235 1472 1398 1514 edulia·

180 1550 244 1591 Ut
276 1548 517 1590 dulciorem
551 1563 559 1587 :
592 1545 870 1599 irrigauerint
903 1543 1103 1584 faucibus
1135 1543 1356 1583 saborem·

179 1619 321 1660 Micas
354 1619 702 1671 fragmentorum
735 1615 940 1655 concauis
973 1629 981 1654 t
1014 1613 1239 1654 recondite
1271 1611 1488 1653 canistris·

178 1687 383 1741 †Amum
415 1687 451 1740 (?
467 1686 654 1739 almum)
689 1701 696 1726 :
729 1685 883 1726 herum
916 1683 1073 1737 †posci
1105 1682 1311 1736 (?posco)
1343 1681 1458 1735 poli:

180 1772 235 1799 ne
267 1757 500 1798 ciboneum
540 1770 548 1797 :
580 1755 709 1796 cociti
743 1753 914 1794 irruerit
945 1752 1068 1804 (-int)
1100 1751 1263 1793 acculae
1296 1751 1468 1792 sollum·

78 1835 161 1876 290
182 1828 271 1870 Sed
304 1839 544 1881 supernum
579 1842 586 1867 :
618 1823 918 1878 septemplicis
951 1822 1041 1876 poli
1074 1822 1247 1862 aderint
1278 1833 1470 1863 samum·

182 1897 272 1952 Qui
304 1896 539 1938 dulciferos
574 1909 582 1936 :
614 1894 886 1936 cibaminum
920 1905 1176 1933 concessere
1207 1903 1404 1932 aceruos·

183 1966 406 2022 Quislibet
438 1970 665 2019 comptam
699 1979 707 2004 :
739 1969 926 2003 exactor
958 1967 1110 2015 poscet
1142 1961 1388 2002 editricem·

183 2044 231 2078 ut
263 2036 400 2077 salsas
432 2051 440 2076 :
474 2035 579 2075 lixae
611 2032 920 2087 tripudiauerit
951 2045 1029 2085 per
1060 2031 1251 2071 cinerem
1286 2030 1451 2070 lithias·

186 2107 250 2149 Ut
282 2106 526 2158 crispantes
556 2103 791 2156 salsugena
825 2115 834 2142 ;
866 2099 1171 2154 spumauerint
1202 2099 1330 2140 trices
1362 2097 1511 2153 paula·

82 2180 160 2222 295
186 2175 414 2217 statutum
449 2189 457 2214 ε
488 2172 701 2213 adeamus
733 2169 968 2224 oppidum·

184 2244 258 2285 ubi
290 2244 478 2284 densum
512 2258 520 2283 ε
552 2240 871 2283 conclientibus
904 2237 1084 2278 fiximus
1117 2235 1346 2290 placitum·

184 2313 319 2368 †Que
350 2311 465 2365 (qui)
497 2310 693 2351 dulciora
726 2325 734 2350 ε
765 2307 994 2350 sorbuistis
1027 2305 1262 2347 solamina·

188 2382 413 2424 Farriosas
445 2397 454 2422 ε
485 2380 684 2421 sennosis
717 2379 910 2420 motibus
942 2376 1207 2418 corrosimus
1239 2375 1483 2416 crustellas·

188 2451 362 2506 Quibus
392 2450 471 2491 lita
502 2448 736 2502 scottigeni
768 2463 776 2488 :
809 2446 1027 2501 pululauit
1058 2445 1292 2487 conditura
1323 2444 1424 2485 olei·

257 2602 319 2635 274
342 2593 487 2625 euloium
512 2592 592 2623 with
615 2602 637 2633 g
653 2591 783 2622 written
800 2591 906 2621 above
923 2590 933 2620 i
950 2589 1016 2620 and
1031 2599 1051 2619 a
1067 2599 1199 2620 comma
1215 2589 1334 2620 below.
1451 2589 1514 2620 280
1539 2588 1677 2621 doctore
1700 2594 1734 2620 fx.

192 2650 250 2681 281
278 2648 437 2690 Aquatiq,
454 2658 476 2689 q
493 2646 607 2678 erased
625 2645 690 2676 and
708 2655 747 2676 co
763 2644 895 2675 written
911 2643 1029 2674 above.
1114 2644 1174 2683 287
1201 2642 1302 2674 Nicas
1314 2643 1360 2684 gl.
1382 2643 1435 2674 uel
1452 2654 1484 2674 m
1502 2644 1594 2681 (over
1613 2643 1669 2675 the
1684 2645 1735 2683 n).

190 2705 461 2746 fragmentorum,
479 2704 554 2743 agffi
572 2701 610 2733 in
626 2711 759 2732 rasura.
894 2700 957 2740 289
980 2699 1102 2730 accolae
1119 2698 1199 2729 with
1218 2708 1239 2729 u
1255 2698 1386 2730 written
1401 2698 1508 2730 above
1524 2699 1590 2730 and
1604 2710 1623 2730 a
1642 2699 1738 2741 point

192 2760 298 2792 under
314 2759 369 2790 the
386 2769 415 2790 o.
555 2766 617 2799 ²99
640 2755 801 2796 scotigeni
819 2754 899 2786 with
917 2760 929 2786 t
946 2753 1076 2785 written
1092 2753 1198 2785 above
1215 2753 1365 2785 between
1382 2764 1402 2785 o
1419 2753 1484 2784 and
1501 2758 1525 2785 t.
