1896 3177
241 184 294 225 62
783 182 1065 225 HYMNUS
1109 181 1253 223 A—&

704 301 937 350 permanet
967 308 1152 349 regnum
1175 294 1258 335 dei.

649 364 817 406 Gibron
850 371 1012 419 prason
1044 370 1209 419 agaton

166 449 222 479 20
704 434 856 475 deuita
887 432 1168 474 artemathon

705 510 754 545 ut
785 504 845 544 sis
876 503 1014 545 fretus
1046 503 1090 544 in
1124 502 1245 544 Sion.

652 573 849 627 Hipagie
879 572 936 614 de
967 572 1084 614 audo

704 642 858 684 habita
890 643 932 683 in
965 642 1228 683 chiriinomo

706 719 755 754 ut
786 712 844 753 sis
876 712 1002 754 heres
1034 712 1078 752 in
1110 711 1272 766 bapho.

167 794 218 837 25
649 782 903 823 Indiximus
935 787 1002 823 est
1033 781 1105 822 dei

706 852 781 905 qui
813 865 987 906 semper
1018 851 1213 893 seruiens
1246 852 1296 892 ei.

705 926 750 961 et
781 920 863 961 erit
895 920 938 961 in
972 926 1148 973 sceptro
1180 918 1281 974 poli.

650 989 946 1031 Kalextratus
980 989 1149 1030 mansie

705 1060 749 1100 in
783 1060 995 1100 marttino
1026 1065 1228 1113 tempore

167 1142 222 1184 30
705 1128 855 1170 deficit
888 1134 936 1169 ut
967 1128 1154 1169 uiuolae.

648 1197 847 1239 Lamach
878 1205 946 1238 est
978 1197 1126 1238 lemna
1158 1197 1267 1238 adu.
1309 1230 1315 1233 .

705 1266 778 1307 ubi
812 1272 1009 1307 amartus
1041 1272 1222 1306 amentu

703 1337 849 1378 dusmi
883 1336 1044 1378 ictatur
1075 1336 1118 1376 in
1151 1336 1284 1376 luctu.
1340 1362 1343 1367 -

648 1406 792 1446 Metes
824 1405 908 1446 hoc
940 1411 1087 1447 tetrex
1120 1405 1177 1446 ad
1210 1405 1373 1446 bethen
1423 1431 1426 1434 -

166 1489 216 1532 35
705 1483 942 1529 postquam
975 1475 1135 1516 transit
1167 1475 1344 1528 integen

705 1559 833 1586 suma
864 1544 1193 1598 aporipsumen.

649 1615 912 1669 Notalgicus
946 1621 1012 1656 est
1046 1615 1170 1667 gibra

310 1788 346 1821 19
370 1777 516 1819 agathon
533 1777 572 1810 C.
712 1786 752 1808 το
776 1775 985 1808 artemathon
1001 1775 1029 1808 C
1046 1775 1239 1807 athematon
1257 1774 1292 1807 S.
1427 1784 1466 1815 23
1491 1774 1580 1805 abita
1597 1773 1634 1806 C.
1684 1774 1780 1806 chiri-

239 1833 353 1864 monio
365 1833 403 1865 C.
421 1831 596 1864 cirimonio
613 1831 647 1863 S.
783 1841 823 1869 24
847 1830 960 1872 papho
977 1830 1016 1862 C.
1149 1840 1189 1872 29
1213 1828 1380 1860 maritimo
1396 1827 1436 1861 C.
1568 1839 1612 1870 3ο
1634 1828 1722 1861 uiole
1739 1827 1778 1861 C.

240 1899 276 1930 31
305 1888 448 1919 Lamath
465 1887 504 1920 C.
551 1892 600 1919 est
615 1898 678 1918 om.
696 1885 736 1918 C.
850 1897 887 1927 3²
915 1885 1082 1916 amarthus
1099 1885 1138 1917 C.
1244 1895 1284 1926 33
1308 1884 1444 1916 iactantr
1459 1883 1499 1917 C.
1607 1895 1647 1926 34
1673 1890 1782 1916 metex

237 1949 341 1976 tettex
359 1944 398 1975 C.
534 1942 574 1984 36
597 1953 690 1974 soma
707 1942 917 1983 aparisomen
935 1942 975 1973 C.
1111 1951 1149 1981 37
1175 1940 1385 1981 notologieus
1403 1940 1442 1971 C.

308 2106 346 2137 19
370 2096 499 2128 Gibron
510 2096 558 2137 gl.
572 2094 685 2126 homo.
733 2103 852 2135 prason
866 2093 912 2133 gl.
930 2092 990 2124 fac.
1040 2098 1159 2133 agaton
1173 2093 1221 2133 gl.
1238 2092 1375 2123 bonum.
1510 2101 1551 2123 20
1573 2090 1781 2122 artemathon

233 2152 282 2193 gl.
307 2151 415 2182 uirum
439 2150 636 2192 sanguinum
661 2149 708 2190 (S.
728 2149 775 2190 gl.
801 2148 851 2179 uir
874 2149 895 2179 i·
921 2148 1117 2190 sanguinum
1128 2149 1168 2186 ?).
1317 2157 1354 2178 21
1380 2146 1481 2178 fretus
1505 2146 1545 2178 C.
1563 2146 1612 2187 gl.
1636 2145 1776 2177 adiutus.

240 2217 278 2238 22
306 2205 454 2248 Hipagie
465 2205 513 2246 gl.
527 2204 612 2235 uade
627 2203 675 2244 (S.
688 2205 735 2245 gl.
750 2203 909 2244 dianguet
925 2203 992 2243 de).
1041 2203 1082 2234 de
1101 2202 1149 2242 (S.
1162 2203 1210 2244 gl.
1223 2201 1292 2242 de).
1336 2202 1425 2233 audo
1436 2202 1483 2243 gl.
1498 2201 1599 2232 malo.
1689 2211 1729 2242 23
1747 2201 1781 2232 in

239 2261 437 2293 chiriinomo
455 2260 502 2301 gl.
520 2259 554 2290 in
575 2258 690 2291 christi
712 2259 785 2301 lege
808 2257 856 2299 (S.
869 2258 917 2299 gl.
934 2258 968 2289 in
990 2259 1062 2299 lege
1079 2256 1159 2298 dei).
1308 2267 1349 2296 ²4
1372 2257 1466 2289 heres
1483 2256 1523 2288 C.
1535 2257 1582 2298 gl.
1602 2266 1780 2298 possessor.

239 2317 273 2348 in
289 2316 401 2358 bapho
413 2315 460 2357 gl.
478 2314 514 2345 in
530 2315 603 2346 celo
619 2315 671 2345 uel
688 2314 722 2345 in
740 2313 894 2356 paradiso
911 2314 962 2352 (S.
976 2314 1024 2354 gl.
1043 2314 1075 2344 in
1092 2312 1191 2354 celo).
1299 2323 1338 2353 25
1365 2312 1550 2344 Indiximus
1561 2312 1609 2353 gl.
1626 2312 1780 2354 populus.

240 2380 280 2412 27
305 2376 435 2412 sceptro
454 2369 500 2410 (S.
517 2370 564 2410 gl.
582 2371 709 2410 regno).
807 2370 847 2400 28
873 2370 1088 2401 Kalextratus
1099 2370 1146 2410 gl.
1164 2373 1292 2400 amator
1310 2367 1357 2409 (S.
1373 2368 1423 2409 gl.
1438 2366 1607 2409 qualitas).
1654 2367 1780 2399 mansie

234 2427 282 2468 gl.
299 2426 415 2457 mundi
431 2425 481 2464 (S.
495 2426 542 2466 gl.
559 2425 654 2463 uite).
818 2435 858 2468 29
882 2425 1039 2455 marttino
1050 2425 1098 2465 gl.
1122 2423 1315 2455 nouissimo.
1479 2433 1520 2463 3ο
1542 2421 1653 2453 uiuole
1671 2420 1719 2462 (S.
1732 2423 1780 2463 gl.

238 2483 362 2521 foeou).
519 2491 555 2522 31
583 2480 732 2512 Lamach
751 2480 799 2519 (S.
811 2481 859 2521 gl.
877 2479 962 2521 isel).
1009 2480 1119 2511 lemna
1144 2478 1192 2519 (S.
1205 2478 1252 2519 gl.
1270 2477 1349 2519 leh).
1505 2487 1543 2518 32
1569 2482 1713 2509 amartus
1732 2477 1780 2518 gl.

238 2537 385 2569 infernus
402 2536 452 2575 (S.
465 2536 512 2577 gl.
530 2537 707 2577 peccator).
758 2541 892 2567 amentu
915 2535 963 2576 (S.
976 2536 1024 2577 gl.
1042 2546 1061 2566 a
1078 2535 1196 2573 inues).
1331 2544 1370 2574 33
1395 2532 1502 2564 dusmi
1521 2532 1558 2564 C.
1574 2533 1621 2573 gl.
1642 2531 1776 2563 diaboli.

241 2603 281 2634 34
306 2593 416 2624 Metes
438 2592 485 2632 gl.
513 2590 654 2622 ebrietas
681 2590 729 2631 (S.
754 2591 801 2632 gl.
828 2589 967 2630 medot).
1024 2594 1127 2620 tetrex
1153 2588 1199 2630 gl.
1225 2588 1346 2620 occidit
1375 2586 1426 2629 (S.
1449 2588 1493 2628 gl.
1523 2585 1683 2627 esatcod).
1739 2587 1780 2618 ad

238 2647 361 2679 bethen
383 2647 430 2687 gl.
460 2645 618 2677 animam.
776 2655 815 2686 35
840 2645 974 2686 integen
997 2645 1044 2685 gl.
1072 2645 1106 2675 in
1134 2648 1232 2675 terra.
1393 2643 1433 2684 36
1457 2652 1550 2674 suma
1573 2642 1618 2683 gl.
1649 2651 1779 2683 corpus.

238 2703 472 2745 aporipsumen
485 2702 531 2742 gl.
549 2701 788 2743 prospiciamus
807 2700 853 2741 (S.
870 2701 916 2742 gl.
934 2699 1178 2742 prospicimus).
1313 2707 1351 2739 37
1378 2698 1575 2739 Notalgicus
1587 2698 1634 2739 gl.
1652 2697 1780 2729 surdus.

236 2759 329 2800 gibra
341 2758 388 2798 gl.
405 2758 518 2788 homo.
