1896 3177
851 190 1094 232 LORICA

202 308 332 350 sudes
364 308 512 349 clauos
544 321 656 361 quos
688 306 831 360 figunt
862 305 1049 347 odibiles

202 377 325 430 Tege
355 391 460 430 ergo
490 376 600 417 deus
633 375 734 416 forti
767 375 902 415 lurica

200 446 407 486 humeros
438 459 537 486 cum
572 445 762 498 scapulis
795 451 838 485 et
870 443 1048 484 brachia

130 524 178 567 55
201 521 302 568 tege
334 515 459 556 ulnas
491 528 590 555 cum
623 512 816 567 †cubitis
848 520 892 555 et
926 513 1130 554 manibus

202 597 375 638 pugnas
406 583 578 637 palmas
611 583 774 636 digitos
806 596 906 623 cum
940 581 1162 635 unguibus

201 659 302 706 tege
333 653 506 707 spinam
539 659 583 693 et
614 658 760 693 costas
791 665 891 693 cum
924 652 1092 692 artibus

200 728 326 776 terga
357 723 627 775 dorsumque
657 728 701 762 et
734 735 893 762 neruos
925 734 1025 763 cum
1058 720 1230 761 ossibus

200 798 302 845 tege
333 798 479 832 cutem
512 791 773 844 sanguinem
806 804 907 832 cum
941 790 1116 831 renibus

125 862 182 903 60
202 868 301 903 cata
331 862 474 902 crinas
506 867 632 901 nates
664 874 765 901 cum
798 859 1038 901 femoribus

201 939 302 985 tege
333 931 513 972 cambas
545 944 667 971 suras
700 929 926 971 femoralia

201 1014 302 1042 cum
334 1000 532 1054 genuclis
564 1000 755 1054 poplites
786 1007 830 1041 et
861 1013 1005 1053 genua

201 1076 302 1124 tege
333 1070 447 1111 talos
479 1083 578 1110 cum
611 1069 731 1110 tibiis
763 1075 807 1110 et
839 1068 1031 1109 calcibus

200 1153 325 1179 crura
357 1138 492 1192 pedes
524 1139 775 1192 plantarum
808 1151 908 1179 cum
941 1138 1122 1179 basibus

123 1209 175 1261 65
200 1215 301 1261 tege
333 1222 479 1249 ramos
511 1214 843 1249 concrescentes
875 1209 1020 1249 decies

201 1291 300 1318 cum
334 1278 575 1330 mentagris
608 1291 778 1330 ungues
809 1277 937 1318 binos
970 1276 1203 1331 quinquies

199 1354 300 1401 tege
332 1346 527 1400 iugulam
560 1346 865 1399 pectusculum

200 1416 418 1457 mamillas
450 1416 729 1457 stomachum
764 1422 807 1457 et
839 1415 1095 1456 umbilicum

199 1492 300 1539 tege
332 1491 531 1526 uentrem
564 1485 739 1526 lumbos
771 1484 983 1538 genitalia

125 1564 181 1608 70
200 1562 243 1595 et
276 1555 427 1595 album
459 1561 503 1596 et
535 1555 679 1595 cordis
712 1554 864 1595 uitalia

199 1631 301 1678 tege
331 1623 527 1665 trifidum
557 1625 674 1665 iecor
705 1631 747 1665 et
780 1624 853 1664 ilia

201 1707 389 1735 marsem
424 1694 640 1735 reniculos
672 1693 847 1735 fithrem
880 1705 980 1734 cum
1014 1692 1179 1746 obligia

200 1770 302 1817 tege
331 1764 495 1804 toleam
528 1770 722 1804 toracem
755 1776 855 1804 cum
889 1762 1101 1816 pulmone

201 1847 335 1874 uenas
367 1832 499 1874 fibras
531 1832 587 1874 fel
620 1847 719 1874 cum
753 1833 1020 1873 bucliamine

124 1912 176 1955 75
199 1908 301 1956 tege
332 1902 559 1956 iunginam
593 1916 693 1942 cum
726 1901 930 1943 medullis

200 1971 399 2025 splenem
432 1972 643 2012 turtuosis
675 1984 775 2011 cum
809 1969 1028 2011 intestinis

199 2048 300 2095 tege
331 2042 550 2082 uesiccam
583 2041 761 2094 adipem
794 2046 837 2081 et
869 2045 1026 2093 pantes

199 2110 497 2164 conpaginum
531 2110 785 2150 innumeros
817 2110 994 2150 ordines

264 2223 302 2252 52
328 2223 362 2244 es
378 2213 415 2243 in
431 2223 496 2244 ras.
518 2212 556 2244 C.
591 2211 710 2243 sudum
729 2211 847 2244 BC1K.
880 2211 1008 2253 fingunt
1026 2211 1108 2243 ΒΟ.
1156 2221 1196 2251 53
1221 2211 1342 2242 loricca
1359 2211 1397 2241 B.
1449 2218 1489 2250 54
1505 2209 1660 2240 humerus
1676 2207 1729 2241 C¹.

1682 201 1732 244 53

197 2278 273 2299 cum
289 2267 431 2309 scapulis
449 2266 542 2308 (corr.
553 2267 648 2309 from
665 2267 806 2308 scapolis
824 2266 869 2307 K)
888 2267 1042 2298 humeros
1058 2271 1090 2297 et
1108 2265 1219 2297 bracia
1236 2265 1384 2304 (brachia
1401 2265 1446 2305 K)
1466 2265 1542 2296 ΒΚ.
1586 2273 1625 2305 55
1641 2263 1733 2296 cubis

200 2320 317 2353 BClK.
380 2322 419 2362 56
436 2332 566 2363 pugnos
583 2321 627 2352 K.
687 2330 725 2361 57
744 2321 855 2362 spinas
872 2322 910 2352 B.
945 2326 1070 2352 costam
1090 2320 1184 2361 (corr.
1195 2319 1290 2361 from
1307 2319 1446 2359 costem)
1467 2319 1511 2350 K.
1543 2319 1677 2350 artubus
1688 2318 1732 2349 K.

200 2378 239 2416 58
264 2387 327 2417 que
343 2387 405 2408 om.
424 2376 497 2407 ΒΚ.
533 2381 565 2408 et
581 2386 643 2407 om.
659 2376 704 2406 K.
737 2385 921 2416 neruosque
935 2375 980 2406 K.
1065 2384 1104 2417 59
1122 2375 1293 2416 sanginem
1306 2374 1345 2405 B.
1421 2373 1462 2405 60
1478 2378 1568 2405 catas
1583 2373 1690 2404 crinas
1707 2373 1733 2403 B

199 2431 380 2462 catacrinas
394 2431 438 2462 K.
549 2429 587 2461 61
614 2431 751 2471 gambas
769 2430 842 2461 ΒΚ.
878 2440 983 2461 surras
1000 2429 1040 2462 C¹
1059 2440 1150 2461 surra
1166 2430 1211 2460 K.
1322 2428 1362 2460 62
1387 2428 1530 2470 poplites
1546 2438 1627 2459 corr.
1638 2427 1733 2468 from

199 2486 318 2528 polites
335 2486 398 2517 CK
416 2485 527 2527 politis
545 2485 593 2516 H.
700 2484 739 2525 63
764 2485 840 2516 tibis
858 2484 910 2517 Cl.
1009 2483 1050 2525 64
1074 2484 1224 2516 bassibus
1242 2483 1365 2516 BC1H.
1464 2482 1503 2523 67
1529 2488 1602 2524 tege
1619 2487 1734 2524 pectus

199 2541 342 2582 ing-ulam
362 2541 437 2571 ΒΚ.
550 2539 591 2572 68
615 2540 786 2571 mamellas
802 2539 855 2572 Cl.
887 2545 1072 2571 stomacum
1090 2540 1128 2570 B.
1234 2539 1275 2581 69
1291 2538 1456 2580 genetalia
1472 2537 1526 2570 Cl.
1638 2546 1678 2577 70
1702 2543 1733 2568 et

198 2606 260 2626 om.
279 2595 324 2625 K.
363 2595 475 2625 aluum
492 2595 566 2625 ΒΚ.
609 2601 640 2625 et
657 2594 772 2626 uitalia
790 2595 826 2625 B.
900 2604 936 2635 71
963 2593 1156 2636 triphydum
1174 2594 1218 2624 K.
1266 2593 1355 2625 iacor
1372 2594 1410 2623 B.
1480 2601 1518 2632 72
1544 2602 1686 2624 marcem
1706 2593 1732 2623 B

198 2650 331 2681 marsim
349 2650 393 2680 K.
440 2649 547 2680 fitrem
566 2649 592 2679 B
609 2648 748 2680 fethrem
767 2649 810 2679 K.
903 2657 942 2689 73
966 2648 1082 2679 toliam
1099 2648 1173 2679 ΒΚ.
1273 2656 1313 2688 74
1329 2647 1438 2687 fybras
1455 2647 1500 2678 K.
1594 2655 1632 2687 75
1659 2652 1733 2687 tege

198 2715 331 2737 carnem
349 2705 423 2736 ΒΚ.
463 2705 609 2746 inginem
628 2705 653 2735 B
671 2705 850 2746 unguinem
864 2705 908 2735 K.
955 2704 1096 2736 medulis
1112 2702 1165 2736 Cl.
1250 2702 1289 2744 76
1306 2703 1478 2744 spplenem
1493 2703 1531 2733 B.
1577 2712 1651 2733 cum
1668 2707 1732 2733 tor-

198 2760 299 2792 tuosis
317 2760 344 2790 B
360 2760 515 2791 tortuosis
532 2760 575 2791 K.
670 2768 708 2800 77
733 2760 884 2791 uissicam
902 2759 943 2792 C¹
960 2760 1104 2791 uesicam
1122 2759 1196 2790 ΒΚ.
1297 2760 1336 2799 78
1361 2758 1594 2799 compaginum
1613 2757 1651 2788 B.
