1896 3177
173 172 196 211 8
617 169 966 212 HISPERICA
1011 167 1268 210 FAMINA

173 284 425 326 lectoralem
459 300 466 325 ε
498 284 658 325 cudere
689 284 969 325 industriam·

71 360 150 403 205
171 354 201 398 ti
213 355 276 397 Ut
299 354 404 408 quid
429 367 509 395 nos
532 354 780 395 tonitruoso
806 369 813 394 :
840 367 1094 395 sermonum
1125 353 1273 395 obruis
1296 352 1558 406 '‘clangore·
1581 351 1671 406 [fol.
1689 359 1708 403 5

175 425 234 465 Et
266 425 461 466 internas
493 439 501 465 ε
533 424 762 478 loqueloso
794 430 967 464 tumore
999 423 1230 477 perturbas
1262 423 1433 464 aurium
1466 432 1694 462 cauernas·

174 494 341 534 Totum
359 507 552 547 namque
574 493 777 534 nocturni
800 492 958 546 ligonis
981 492 1194 532 lectriceis
1218 508 1225 533 :
1247 491 1497 532 censuimus
1519 489 1714 531 stadium

290 562 503 604 excubiis.

176 632 272 674 Uos
304 645 491 685 soporeo
524 647 532 673 z
563 631 819 673 oblectastis
850 643 1009 684 pernas
1040 630 1160 671 tabe·

176 701 249 743 Ob
280 701 363 741 hoc
396 714 512 741 nunc
544 700 850 741 somnolentus
883 714 891 740 :
922 713 1003 740 nos
1034 699 1170 752 stigat
1201 704 1362 740 tactus·

72 777 157 807 210
177 770 372 824 Quidam
414 770 470 811 de
505 770 589 811 hoc
626 771 835 811 doctoreo
873 769 1179 823 congelamine
1216 773 1499 822 spumantem
1540 780 1548 808 :
1585 765 1717 807 adeat

293 840 569 892 mancipator
600 839 792 880 laticem‘

179 910 242 951 Ut
275 910 463 950 uitreum
495 907 701 949 scaloreis
734 922 741 947 :
774 906 1075 961 propinauerit
1108 905 1322 946 fluentum
1356 904 1534 946 idumis·

179 979 408 1019 Nocturna
439 977 571 1030 (-am)
602 976 786 1017 fontana
819 991 827 1016 z
858 982 1030 1028 tergere
1060 975 1178 1015 luem
1212 974 1347 1014 unda·

178 1048 364 1090 Stornos
395 1047 601 1088 coneauis
634 1062 642 1087 ;
673 1045 832 1086 soluite
863 1042 1037 1098 †factos
1069 1044 1246 1097 (fastos)
1276 1042 1500 1084 archimis·

178 1118 249 1158 Ac
281 1117 509 1171 sophicam
547 1131 554 1157 :
586 1115 834 1157 auscultate
866 1114 1146 1155 industriam·

76 1190 156 1234 215
181 1188 459 1228 Mormoreus
494 1199 502 1227 :
531 1185 767 1226 suscitetur
798 1184 841 1224 in
873 1183 1013 1224 aethra
1045 1183 1237 1237 plausus,

182 1257 388 1300 Uerbalis
423 1271 432 1297 z
465 1269 552 1309 que
584 1255 739 1296 roboat
771 1253 969 1307 clangor·

181 1327 228 1369 Si
261 1326 386 1368 unita
417 1332 602 1367 cunctus
637 1338 645 1365 :
677 1325 849 1365 steterit
881 1324 925 1364 in
957 1323 1058 1364 aula
1090 1329 1258 1363 coetus·

181 1397 255 1439 Ob
286 1396 371 1437 hoc
402 1395 537 1437 talem
571 1408 581 1436 ε
615 1400 846 1447 segregate
878 1393 1123 1434 cohortem·

185 1469 304 1509 Hinc
336 1467 469 1518 ceteri
501 1466 673 1519 apricas
706 1480 714 1505 :
745 1464 910 1505 adeant
941 1474 1085 1504 casas·

78 1540 164 1570 220
183 1538 326 1579 Alteri
358 1536 567 1577 frondosa
601 1549 609 1576 :
642 1534 830 1575 lustrant
862 1533 1145 1574 subnemora·

183 1608 275 1649 Alii
307 1608 350 1648 in
383 1606 466 1647 hoc
498 1605 649 1658 amplo
681 1620 690 1645 ε
721 1603 968 1644 stabilitent
1000 1601 1192 1655 tugurio·

184 1741 354 1782 Febeos
387 1751 626 1793 supernum
661 1751 669 1778 :
703 1742 822 1777 secat
855 1742 1004 1777 arotus
1035 1734 1125 1789 poli
1159 1739 1375 1775 centrum·

184 1811 381 1852 medium
416 1825 424 1850 ε
457 1823 543 1862 que
573 1807 660 1849 diei
692 1806 1022 1861 appropinquat
1053 1805 1257 1859 spatium.

183 1879 342 1932 †Hinc
373 1878 489 1919 fame
521 1876 725 1930 flagranti
757 1881 931 1917 aestuat
963 1880 1128 1928 pectus.

82 1954 163 1998 225
186 1950 260 1993 Ob
291 1950 375 1990 hoc
409 1948 620 1990 continua
655 1963 663 1987 :
697 1947 926 1987 uisitemus
959 1944 1193 1986 territoria‘

188 2020 253 2062 Ut
286 2017 503 2059 mellitum
537 2032 545 2057 :
577 2014 988 2057 cerimonicauerint
1020 2012 1310 2067 flagrantibus
1343 2009 1572 2065 pabulum·

187 2088 300 2143 Quis
332 2100 496 2141 gnarus
528 2085 762 2126 decorearn
795 2097 805 2125 ε
835 2083 968 2124 ducet
1000 2096 1078 2136 per
1108 2081 1240 2123 triuia
1271 2079 1527 2121 cateruam?

243 2157 383 2202 ffiHas
405 2155 696 2197 clandistinas
718 2170 726 2195 :
749 2154 1001 2207 frequenter
1022 2151 1206 2193 lustraui
1228 2149 1498 2204 termopilas.
1571 2148 1662 2202 [fol.
1689 2146 1732 2200 5b

187 2228 258 2269 Ac
290 2232 461 2268 remota
493 2242 501 2266 :
531 2225 661 2266 huius
692 2223 817 2265 artici
849 2223 1078 2277 penetraui
1111 2221 1281 2276 predia·

86 2303 171 2344 230
190 2297 418 2339 Uenustos
451 2311 459 2336 :
489 2308 577 2348 que
609 2292 795 2347 exploro
827 2292 1017 2333 acculas·

190 2365 279 2420 Qui
311 2377 451 2418 uagos
485 2380 492 2404 :
524 2368 774 2403 arcatorum
807 2367 995 2415 pascunt
1027 2360 1200 2400 choros·

192 2434 357 2477 Stricto
391 2448 399 2474 :
431 2432 616 2474 densate
646 2431 870 2471 tramitem
903 2429 1095 2482 colligio·

193 2505 345 2558 Ageas
376 2501 575 2544 astrifero
610 2515 618 2541 :
650 2500 833 2541 statuite
864 2498 1021 2539 infolas
1052 2497 1191 2538 sulco·

194 2575 263 2616 Ne
294 2572 456 2627 pitheis
487 2577 631 2612 truces
668 2586 675 2611 :
708 2569 1028 2610 macerauerint
1061 2566 1267 2608 mediada
1303 2565 1482 2619 spiculis
1519 2564 1735 2606 crudeles·

551 2763 610 2784 221
636 2752 766 2793 tugurio
779 2753 824 2794 gl.
844 2751 896 2783 uel
913 2762 932 2782 o
951 2753 1042 2790 (over
1059 2750 1114 2782 the
1130 2749 1252 2781 second
1273 2748 1318 2788 u).
