1896 3177
841 192 1080 234 A-TEXT
1705 205 1726 246 3

192 308 273 349 nisi
307 308 419 349 uasti
450 322 458 349 ε
486 307 705 362 exigerint
738 313 950 348 rectorem
984 307 1092 361 poli·

121 390 171 432 52
194 377 281 431 Qui
313 377 564 432 florigerum
595 393 603 418 :
632 391 792 431 agmen

86 452 173 505 52b
251 450 455 503 reguloso
483 465 492 491 z
518 450 700 491 soluerit
732 449 1003 490 discrimine·
1037 472 1049 480 ι’

193 519 423 564 ἭΝΟυεΙΙο
454 533 463 560 :
489 520 704 573 temporei
736 518 1003 572 globaminis
1034 517 1193 571 *cyclo
1592 517 1680 571 [fol.
1705 528 1728 558 2

250 589 515 643 hispericum
548 605 556 630 :
583 589 772 642 arripere
803 589 926 630 tonui
959 595 1181 642 sceptrum

123 671 169 715 55
194 658 252 698 ob
283 657 366 698 hoc
398 657 552 698 rudem
583 672 592 698 z
623 657 807 699 stemico
840 657 1007 710 logum·

194 740 245 767 ac
276 726 465 780 exiguus
495 740 503 768 :
530 727 666 780 serpit
698 740 774 780 per
804 740 881 767 ora
913 726 1049 767 riuus·

196 796 329 850 Quod
362 797 397 837 si
429 796 580 850 amplo
612 811 620 837 :
651 795 908 849 temporalis
940 795 1024 836 aeui
1056 795 1201 837 stadio

252 866 461 907 ausonica
493 881 501 906 :
535 880 605 906 me
636 865 860 919 alligasset
891 870 1065 905 catena·

195 948 406 976 sonoreus
439 951 447 976 z
479 935 654 976 faminis
687 948 764 988 per
794 940 974 987 guttura
1006 933 1239 987 popularet
1271 932 1470 973 haustus·

121 1008 178 1049 60
196 1017 246 1043 ac
279 1004 503 1044 inmensus
534 1019 542 1044 :
570 1003 724 1044 urbani
757 1004 921 1044 tenoris
954 1008 1177 1044 manasset
1209 1001 1408 1042 faucibus
1441 1000 1590 1042 tollus·

195 1072 365 1126 fflQuod
399 1073 691 1128 propriferum
725 1089 732 1114 ε
764 1073 958 1127 plasmas
989 1073 1194 1125 orgium?

199 1144 361 1185 Utrum
394 1143 512 1184 alma
545 1159 553 1184 :
583 1144 747 1184 scindis
778 1142 1003 1184 securibus
1035 1141 1210 1182 robora·

199 1215 334 1256 Utico
365 1213 642 1267 quadrigona
673 1212 821 1253 densis
853 1228 861 1252 :
893 1211 1147 1252 stemicares
1178 1209 1368 1250 oratoria
1401 1208 1628 1250 tabulatis·

198 1283 272 1324 An
305 1283 533 1337 flamigero
566 1297 573 1322 :
605 1288 753 1322 coctas
784 1280 982 1321 obrizum
1015 1279 1207 1319 clibano·

122 1354 174 1405 65
198 1352 407 1394 auriferas
438 1351 590 1392 solidis
623 1366 631 1391 :
663 1351 822 1391 cudere
853 1349 1028 1390 lunulas
1060 1347 1318 1389 marthellis·

199 1423 287 1464 Seu
319 1421 505 1462 tinolam
538 1419 675 1461 tensis
708 1436 715 1461 :
747 1419 933 1459 suscitas
965 1418 1098 1459 odam
1132 1417 1339 1458 chordis?

200 1493 333 1532 Forte
364 1503 581 1532 concauas
613 1489 809 1530 sonoreis
842 1504 849 1529 :
881 1487 1041 1541 proflas
1074 1487 1240 1527 cicutas
1271 1485 1498 1527 armoniis-

198 1559 329 1612 †Sed
363 1572 450 1600 non
484 1556 749 1611 intelligibili
783 1572 790 1597 :
824 1556 984 1597 mentis
1016 1556 1220 1596 acumine
1252 1554 1484 1608 prestulor·

199 1630 318 1684 quod
357 1628 627 1682 lanigerosas
662 1642 670 1667 t
704 1627 893 1668 odorosa
930 1625 1139 1666 obseruas
1178 1638 1254 1678 per
1290 1637 1454 1678 pascua
1491 1622 1736 1664 bidentium

314 1705 497 1740 turmas·

127 1788 182 1830 70
200 1769 322 1821 †Cui
355 1768 468 1822 (qui)
500 1768 658 1808 obessa
691 1782 699 1807 ε
731 1771 979 1806 arcatorum
1013 1765 1192 1805 assiduo
1224 1763 1401 1805 tramite
1430 1761 1608 1803 sectaris
1638 1774 1740 1802 con-

316 1838 431 1879 cilia·

203 1908 271 1949 Ac
303 1907 489 1948 cicniam
521 1904 720 1959 gemellis
752 1920 760 1945 z
792 1904 931 1945 bailas
963 1915 1202 1944 curuanam
1236 1900 1443 1955 scapulis·

203 1977 469 2018 rutulantem
502 1975 691 2016 alboreis
725 1990 733 2014 ε
768 1980 885 2014 artas
919 1972 1137 2013 calamide
1169 1970 1471 2024 (calamidem)
1506 1968 1740 2009 madiadis·

205 2048 373 2087 Pexam
416 2061 424 2086 z
460 2059 546 2098 que
588 2043 756 2084 carneis
799 2042 962 2083 tolibus
1004 2040 1283 2094 amplecteris
1326 2039 1546 2079 caminam
1588 2038 1741 2089 (cami-

318 2116 428 2155 siam
447 2114 497 2166 ?)·

204 2185 299 2226 Nec
331 2183 514 2237 sophica
547 2197 554 2222 :
586 2181 815 2235 ingenioso
846 2180 1050 2221 acumine
1081 2178 1304 2219 abscultas
1338 2177 1563 2230 mysteria·

128 2261 178 2305 75
205 2252 293 2295 Sed
326 2251 557 2292 doctoreas
591 2266 598 2290 ;
630 2248 761 2289 effeto
793 2248 1026 2288 conamine
1057 2246 1280 2287 comitaris
1312 2245 1526 2285 historum
1557 2250 1740 2285 turmas·

206 2321 325 2362 Hinc
358 2319 589 2360 mirificum
623 2334 631 2358 :
661 2317 741 2358 tibi
775 2317 1005 2370 ingenioso
1038 2315 1269 2355 libramine
1301 2314 1402 2368 palo
1434 2313 1702 2354 consultum·

204 2391 521 2444 Proprigenum
555 2403 562 2428 :
595 2386 754 2427 natalis
786 2386 908 2426 fundi
942 2386 1103 2425 irruere
1133 2383 1295 2424 solum·

205 2461 269 2503 Ut
301 2460 448 2513 agrica
479 2474 486 2499 :
513 2457 696 2498 robusto
728 2462 855 2509 gestu
888 2453 1176 2508 plasmaueris
1208 2453 1346 2506 orgia·

206 2530 323 2570 Nam
357 2527 509 2581 pantia
541 2525 714 2580 *ruptis
745 2539 753 2566 :
780 2531 928 2566 astant
960 2530 1086 2577 septa
1117 2521 1360 2575 termopilis
1583 2519 1673 2573 [fol.
1699 2518 1742 2559 2b

130 2604 184 2644 80
204 2600 495 2653 pubescentes
526 2610 711 2650 pecorea
740 2612 747 2636 :
777 2595 1024 2648 depascunt
1055 2599 1226 2646 segetes
1258 2591 1452 2644 agmina·

206 2669 425 2711 Ueternas
458 2673 600 2707 mesta
631 2665 825 2719 genitrix
858 2663 1100 2704 lacrimosis
1132 2678 1140 2702 ε
1168 2661 1319 2715 irrigat
1350 2673 1486 2713 genas
1518 2659 1670 2712 guttis·

206 2739 322 2779 Nam
355 2736 566 2777 infantilis
599 2751 605 2776 :
634 2740 856 2776 mumurat
889 2733 1127 2786 inuagitus·

1533 2826 1630 2849 1—-2
