1896 3177
149 186 203 228 54
798 175 1043 218 LORICA

146 298 247 345 tege
279 291 392 346 pilos
424 298 560 345 atque
592 290 794 331 membra
826 290 995 344 reliqua

73 360 129 400 80
148 373 335 414 quorum
370 360 481 401 sorte
513 359 717 413 praeterii
750 359 933 400 nomina

146 436 248 484 tege
279 436 423 471 totum
458 443 529 471 me
560 443 661 471 cum
694 429 891 483 quinque
923 429 1124 469 sensibus

147 506 191 541 et
222 513 322 540 cum
355 499 500 540 decim
534 498 656 539 fabre
688 498 816 539 sactis
849 497 1016 539 foribus

147 575 196 610 ut
226 569 419 623 aplantis
451 582 591 622 usque
623 568 897 609 aduerticem

147 637 269 679 nullo
302 639 504 679 membro
535 637 640 678 foris
672 638 791 679 intus
822 644 1022 691 egrotem

74 708 124 759 85
148 721 204 748 ne
236 708 292 749 de
323 721 424 748 meo
455 707 597 761 possit
628 707 768 748 uitam
800 707 977 747 trudere

149 776 285 830 pestis
317 775 449 817 febris
482 776 639 829 langor
669 775 798 816 dolor
829 789 1013 828 corpore

147 845 289 886 donec
321 845 409 886 iam
441 844 578 886 dante
608 844 694 886 deo
726 858 904 885 seneam

147 921 191 956 et
222 921 407 969 peccata
439 927 538 955 mea
570 914 698 955 bonis
731 914 905 955 deleam

149 990 197 1026 ut
228 985 284 1025 de
315 996 447 1024 carne
480 983 573 1024 iens
607 982 706 1023 imis
737 996 912 1023 caream

72 1065 129 1107 90
148 1060 192 1095 et
223 1053 280 1095 ad
313 1053 404 1094 alta
436 1052 613 1093 euolare
646 1051 819 1093 ualeam

151 1129 195 1164 et
227 1123 409 1164 miserto
442 1122 527 1163 deo
559 1122 615 1163 ad
650 1121 820 1172 etheria

149 1193 290 1234 laetus
323 1193 460 1233 uehor
493 1192 616 1245 regni
650 1191 884 1244 refrigeria.
947 1190 1109 1232 Amen.

214 1350 255 1381 80
279 1348 442 1391 praeteriui
466 1349 499 1379 K
523 1348 581 1379 -ibi
600 1348 648 1378 H.
783 1348 822 1378 82
847 1346 1028 1378 fabrifactis
1051 1347 1077 1377 B
1095 1345 1291 1377 sabraefactis
1308 1345 1352 1376 K.
1507 1346 1547 1385 83
1571 1345 1631 1376 utii
1648 1345 1685 1377 B.

148 1406 181 1437 in
213 1405 373 1437 uerticem
406 1404 450 1435 K.
599 1405 641 1443 84
674 1403 762 1434 intus
793 1414 855 1435 om.
889 1403 963 1434 ΒΚ.
1113 1404 1153 1442 85
1187 1412 1248 1433 nec
1279 1401 1324 1432 K.
1382 1401 1469 1443 posit
1501 1401 1539 1432 B.
1586 1401 1690 1432 uitam

148 1459 252 1502 possit
270 1460 314 1490 K.
450 1457 490 1489 86
515 1459 654 1499 languor
672 1458 716 1489 K.
819 1458 857 1497 87
883 1457 947 1488 deo
964 1457 1063 1488 dante
1080 1456 1205 1488 seniam
1224 1456 1262 1487 B.
1362 1456 1402 1487 88
1426 1455 1522 1486 bonis
1539 1455 1633 1486 factis
1650 1455 1690 1486 B.

193 1513 211 1539 l.
226 1512 309 1539 himis
319 1513 360 1545 gl.
377 1511 702 1538 onabasaib=mortibus

148 1549 190 1590 89
213 1548 297 1579 labis
324 1548 360 1578 B.
726 1545 825 1577 himis
850 1545 884 1586 (h
908 1544 1005 1586 eras.)
1033 1545 1077 1576 K.
1204 1554 1241 1586 91
1269 1544 1395 1576 etheria
1421 1544 1447 1575 B
1472 1543 1620 1575 aetheria
1645 1543 1688 1575 K.

148 1613 188 1644 92
213 1603 298 1634 letus
325 1603 362 1633 B.
409 1601 512 1633 uehar
530 1601 605 1632 ΒΚ.
