1896 3177
804 478 1126 533 LORICA.

371 677 502 717 Hanc
535 676 714 717 luricam
749 676 901 729 loding
932 676 1128 717 cantauit
1160 682 1227 716 ter
1258 676 1301 716 in
1334 689 1466 717 omne
1498 676 1579 717 die.

200 762 453 816 Suffragare
483 762 734 817 trinitati[s]
767 766 926 811 unitas,

203 832 399 874 Unitatis
433 833 637 873 miserere
669 832 869 873 trinitas:

199 901 440 955 suffragare
471 915 659 955 quaesso
691 902 797 941 mihi
830 901 977 955 posito

200 971 331 1010 maris
364 971 513 1023 magni
547 969 667 1010 uelut
699 969 952 1023 inpericulo.

157 1057 176 1100 5
203 1040 266 1081 Ut
299 1053 386 1080 non
419 1052 567 1079 secum
601 1038 746 1079 trahat
780 1052 851 1079 me
883 1038 1128 1080 mortalitas

199 1109 328 1149 huius
359 1109 462 1149 anni
496 1122 640 1162 neque
674 1107 828 1148 mundi
860 1108 1035 1149 uanitas

199 1184 242 1219 et
273 1179 357 1218 hoc
390 1177 507 1218 idem
540 1184 645 1231 peto
676 1191 702 1217 a
734 1177 996 1218 sublimibus

199 1248 399 1289 caelestis
432 1247 615 1288 militiae
647 1247 883 1287 uirtutibus

200 1331 254 1358 ne
286 1330 357 1358 me
387 1317 589 1369 linquant
623 1316 904 1357 lacerandum
939 1316 1140 1357 hostibus

130 1401 180 1430 10
199 1386 276 1426 sed
308 1385 550 1426 defendant
582 1386 669 1425 iam
702 1385 836 1425 armis
869 1385 1054 1425 fortibus

198 1462 242 1496 et
274 1455 334 1496 illi
368 1469 438 1496 me
469 1455 736 1509 praecedant
769 1455 842 1506 (al.
866 1454 1128 1508 procedant)
1160 1454 1301 1496 inacie

198 1525 384 1565 caelestis
415 1525 636 1565 exercitus
670 1523 854 1563 militiae

200 1593 453 1647 Cheruphin
487 1599 530 1634 et
562 1593 767 1645 seraphin
801 1606 901 1633 cum
937 1592 1111 1633 milibus

198 1670 241 1703 et
274 1662 465 1703 mihahel
498 1661 696 1716 gabrihel
730 1661 948 1702 similibus

130 1745 175 1788 15
201 1731 323 1785 Opto
354 1732 536 1772 thronos
570 1731 770 1772 uiuentes
802 1730 1091 1784 archangelos

199 1801 469 1853 principatus
502 1798 579 1851 †et
613 1806 858 1853 potestates
890 1799 1073 1852 angelos

199 1875 246 1910 ut
279 1883 350 1909 me
381 1869 519 1909 denso
551 1868 841 1909 defendentes
874 1869 1053 1921 agmine

199 1940 400 1979 inimicos
433 1939 606 1979 ualeam
640 1944 919 1992 prosternere

198 2014 291 2048 tum
325 2008 487 2048 deinde
518 2013 687 2047 ceteros
720 2007 1000 2060 agonithetas

124 2093 179 2123 20
198 2076 469 2130 patriarchas
501 2082 712 2129 quattuor
743 2081 900 2128 quater
932 2074 1172 2128 prophetas

198 2144 445 2198 Apostolos
477 2144 602 2184 nauis
634 2143 783 2183 christi
818 2149 1015 2196 proretas

199 2220 242 2254 et
275 2219 490 2266 martyres
523 2226 677 2253 omnes
710 2219 814 2265 peto
846 2211 1068 2252 anthletas

198 2282 303 2336 'selei
338 2284 402 2324 Ut
436 2296 506 2322 me
538 2296 615 2336 per
646 2282 744 2322 illos
776 2281 894 2322 salus
928 2281 1069 2334 sepiat

198 2359 331 2405 atque
362 2365 494 2391 omne
527 2351 692 2391 malum
725 2364 825 2391 ame
856 2356 1018 2403 pereat.

268 2501 285 2531 3
310 2490 391 2521 mihi
408 2500 531 2531 quaeso
555 2490 599 2520 K.
648 2489 772 2531 possito
791 2489 827 2519 B.
930 2501 949 2528 4
974 2489 1085 2529 magni
1102 2488 1200 2519 maris
1219 2488 1255 2518 B.
1305 2487 1404 2518 uelud
1422 2488 1465 2518 K.
1565 2488 1583 2518 8
1608 2487 1736 2518 celestis

202 2545 305 2576 milite
323 2545 361 2576 B.
434 2554 471 2575 10
495 2555 547 2575 me
564 2544 629 2575 iam
648 2545 684 2575 Β.
761 2554 771 2574 1
783 2554 794 2574 r
815 2554 867 2575 me
884 2543 931 2574 illi
948 2544 990 2574 K.
1068 2553 1103 2574 12
1129 2543 1258 2574 celestis
1276 2543 1313 2573 B.
1352 2542 1468 2573 militie
1487 2542 1512 2572 B
1529 2542 1670 2573 miliciae
1688 2542 1733 2572 K.

204 2609 239 2639 13
263 2597 399 2629 cerubin
424 2607 441 2636 7
466 2596 637 2638 cerupihin
663 2596 689 2626 B
713 2596 860 2627 cerubim
885 2601 916 2627 et
941 2595 1107 2636 seraphim
1132 2595 1177 2625 K.
1282 2605 1319 2634 14
1342 2593 1490 2635 gabrihel
1514 2604 1530 2632 7
1553 2593 1682 2624 miehael
1708 2594 1733 2624 B

199 2651 347 2692 gabrihel
364 2655 395 2681 et
412 2650 576 2681 michahel
594 2650 638 2681 K.
712 2660 746 2689 15
774 2654 886 2681 tronos
902 2650 1040 2680 uirtutes
1059 2650 1096 2680 Β.
1170 2648 1206 2680 16
1231 2654 1262 2680 et
1279 2659 1341 2680 om.
1356 2648 1428 2678 ΒΚ.
1506 2649 1541 2679 18
1566 2648 1675 2679 ualent
1694 2648 1732 2679 B.

204 2715 241 2746 19
266 2705 356 2736 Dum
374 2705 413 2736 B.
459 2709 606 2736 caeteros
623 2697 667 2735 K.
714 2710 906 2745 agonetetas
925 2705 963 2735 B.
1020 2715 1061 2736 20
1084 2708 1226 2745 quatuor
1243 2704 1281 2734 B.
1320 2702 1464 2744 profetas
1483 2703 1518 2733 Β.
1585 2712 1621 2733 22
1649 2713 1732 2734 mar-

203 2761 280 2793 tires
298 2761 336 2791 B.
381 2760 523 2791 athletas
541 2760 566 2790 B
584 2759 769 2792 anathletas
787 2760 829 2791 K.
924 2770 964 2800 23
988 2760 1042 2791 dei
1058 2770 1120 2790 om.
1140 2759 1214 2790 ΒΚ.
1262 2759 1308 2789 uti
1326 2759 1361 2789 B.
1412 2768 1468 2789 eos
1486 2758 1529 2788 K.

1521 2838 1621 2872 4-—2
